@article{Bal89,
author = {LJ Balemans},
title = {Assessment of criteria for energetic effectiveness of greenhouse screens.},
year = {1989},
}

@article{BB95,
author = {Thierry Boulard and Alain Baille},
title = {``Modelling of air exchange rate in a greenhouse equipped with continuous roof vents''},
journal = {Journal of Agricultural Engineering Research 61.1},
year = {1995},
pages = {37-47},
}

@article{MG,
author = {N.J.van de Braak MIGUEL A.F. and 1995 G.P.ABot},
title = {``Mass flow through materials with pores and openings: II-natural convection''},
journal = {submitted for publication in International Journal of Heat and Mass Transfer},
}

@article{Van11,
author={Bram HE Vanthoor},
title={A model-based greenhouse design method},
year={2011},
}

@article{Sta93,
author={C. Stanghellini and J.A. Brunce},
title={Responce of photosynthesis and conductance to light, CO2, temperature and humidity in tomato plants grown at ambient and elevated CO2},
year={1993},
}

@article{De96,
author={HF De Zwart},
title={Analyzing energy-saving options in greenhouse cultivation using a simulation model},
year={1996},
}

@article{Mar94,
author={LFM Marcelis},
title={Annals of botany 74.1},
year={1994},
}